@article{DTperformance,
      author         = "The CMS Collaboration",
      title          = "{Performance of the CMS Drift Tube Chambers with Cosmic Rays}",
      collaboration  = "CMS",
      journal        = "JINST",
      volume         = "5",
      year           = "2010",
      pages          = "T03015",
      doi            = "10.1088/1748-0221/5/03/T03015",
      eprint         = "0911.4855",
      archivePrefix  = "arXiv",
      primaryClass   = "physics.ins-det",
      SLACcitation   = "%%CITATION = ARXIV:0911.4855;%%"                                                                                                                                                   
}


@article{CSCperformance,
      author         = "The CMS Collaboration",
      title          = "{Performance of the CMS Cathode Strip Chambers with Cosmic Rays}",
      collaboration  = "CMS",
      journal        = "JINST",
      volume         = "5",
      year           = "2010",
      pages          = "T03018",
      doi            = "10.1088/1748-0221/5/03/T03018",
      eprint         = "0911.4992",
      archivePrefix  = "arXiv",
      primaryClass   = "physics.ins-det",
      SLACcitation   = "%%CITATION = ARXIV:0911.4992;%%"                                                                                                                                                   
}


@article{Sakuma:2665537,
      author        = "Sakuma, Tai",
      title         = "{Cutaway diagrams of CMS detector}",
      collaboration = "CMS Collaboration",
      month         = "May",
      year          = "2019",
      reportNumber  = "CMS-OUTREACH-2019-001",
      url           = "http://cds.cern.ch/record/2665537",
}


@article{Tanabashi:2018oca,
      author         = "Tanabashi, M. and others",
      title          = "{Review of Particle Physics}",
      collaboration  = "Particle Data Group",
      journal        = "Phys. Rev.",
      volume         = "D98",
      year           = "2018",
      number         = "3",
      pages          = "030001",
      doi            = "10.1103/PhysRevD.98.030001",
      SLACcitation   = "%%CITATION = PHRVA,D98,030001;%%"                                                                                                                                                   
}

@unpublished{Breedon:1431505,
      author        = "Breedon, R and Wenman, D",
      title         = "{Images of the CMS Muons - Cathode Strip Chambers (CSC)}",
      month         = "Nov",
      year          = "2008",
      reportNumber  = "CMS-PHO-MUON-2008-001",
      url           = "https://cds.cern.ch/record/1431505",
      note          = "CMS Collection.",
}


@article{Alwall:2014hca,
    author = "Alwall, J. and Frederix, R. and Frixione, S. and Hirschi, V. and Maltoni, F. and Mattelaer, O. and Shao, H. -S. and Stelzer, T. and Torrielli, P. and Zaro, M.",
    title = "{The automated computation of tree-level and next-to-leading order differential cross sections, and their matching to parton shower simulations}",
    eprint = "1405.0301",
    archivePrefix = "arXiv",
    primaryClass = "hep-ph",
    reportNumber = "CERN-PH-TH-2014-064, CP3-14-18, LPN14-066, MCNET-14-09, ZU-TH-14-14",
    doi = "10.1007/JHEP07(2014)079",
    journal = "JHEP",
    volume = "07",
    pages = "079",
    year = "2014"
}


@article{Agostinelli:2002hh,
    author = "Agostinelli, S. and others",
    collaboration = "GEANT4",
    title = "{GEANT4--a simulation toolkit}",
    reportNumber = "SLAC-PUB-9350, FERMILAB-PUB-03-339, CERN-IT-2002-003",
    doi = "10.1016/S0168-9002(03)01368-8",
    journal = "Nucl. Instrum. Meth. A",
    volume = "506",
    pages = "250--303",
    year = "2003"
}